@book{toth2002vehicle,
  title={The vehicle routing problem},
  author={Toth, Paolo and Vigo, Daniele},
  year={2002},
  publisher={SIAM}
}

@article{christofides1969algorithm,
  title={An algorithm for the vehicle-dispatching problem},
  author={Christofides, Nicos and Eilon, Samuel},
  journal={Journal of the Operational Research Society},
  volume={20},
  pages={309--318},
  year={1969},
  publisher={Springer}
}

@article{laporte2009fifty,
  title={Fifty years of vehicle routing},
  author={Laporte, Gilbert},
  journal={Transportation science},
  volume={43},
  number={4},
  pages={408--416},
  year={2009},
  publisher={INFORMS}
}